@misc{raid6math,
title = {The mathematics of RAID-6},
author = {H. Peter Anvin},
howpublished = {\url{https://www.kernel.org/pub/linux/kernel/people/hpa/raid6.pdf}}
}